<?xml version="1.0" encoding="UTF-8"?><record xmlns="http://www.loc.gov/MARC21/slim" xmlns:cinclude="http://apache.org/cocoon/include/1.0" xmlns:zs="http://www.loc.gov/zing/srw/">
  <leader>00916cz  a2200181n  4500</leader>
  <controlfield tag="001">n  83167646 </controlfield>
  <controlfield tag="003">DLC</controlfield>
  <controlfield tag="005">20130315090232.0</controlfield>
  <controlfield tag="008">831222n| azannaabn          |b ana      </controlfield>
  <datafield tag="010" ind1=" " ind2=" ">
    <subfield code="a">n  83167646 </subfield>
  </datafield>
  <datafield tag="035" ind1=" " ind2=" ">
    <subfield code="a">(OCoLC)oca00989858</subfield>
  </datafield>
  <datafield tag="040" ind1=" " ind2=" ">
    <subfield code="a">DLC</subfield>
    <subfield code="b">eng</subfield>
    <subfield code="e">rda</subfield>
    <subfield code="c">DLC</subfield>
    <subfield code="d">OCoLC</subfield>
    <subfield code="d">DLC</subfield>
  </datafield>
  <datafield tag="110" ind1="1" ind2=" ">
    <subfield code="a">Québec (Province).</subfield>
    <subfield code="b">Department of Industry and Commerce.</subfield>
    <subfield code="b">Division de la conjoncture</subfield>
  </datafield>
  <datafield tag="410" ind1="1" ind2=" ">
    <subfield code="w">nnea</subfield>
    <subfield code="a">Québec (Province).</subfield>
    <subfield code="b">Dept. of Industry and Commerce.</subfield>
    <subfield code="b">Division de la conjoncture</subfield>
  </datafield>
  <datafield tag="510" ind1="1" ind2=" ">
    <subfield code="w">r</subfield>
    <subfield code="i">Hierarchical superior:</subfield>
    <subfield code="a">Québec (Province).</subfield>
    <subfield code="b">Department of Industry and Commerce</subfield>
  </datafield>
  <datafield tag="667" ind1=" " ind2=" ">
    <subfield code="a">No English form available.</subfield>
  </datafield>
  <datafield tag="670" ind1=" " ind2=" ">
    <subfield code="a">Economic situation in Quebec. French. La Situation économique au Québec, 1972</subfield>
    <subfield code="b">(name not given); OCLC #4253086 (Publié 1962-1964 par la Division de la conjoncture)</subfield>
  </datafield>
  <datafield tag="670" ind1=" " ind2=" ">
    <subfield code="a">NLC 9/14/83</subfield>
    <subfield code="b">(AACR 2: Québec (Province). Dept. of Industry and Commerce. Division de la conjoncture)</subfield>
  </datafield>
</record>